
@article{resende19_grasp,
  title={Greedy randomized adaptive search procedures: advances and extensions},
  author={Resende, Mauricio GC and Ribeiro, Celso C},
  booktitle={Handbook of metaheuristics},
  pages={169--220},
  year={2019},
  publisher={Springer}
}

@article{qbf,
  title={Wang, 2014 Kochenberger G},
  author={Kochenberger, Hao and Glover, Lewis and L{\"u}, Wang},
  journal={Hao JK, Glover F., Lewis M., L{\"u} Z., Wang H., Wang Y., The unconstrained binary quadratic programming problem: a survey, J. Comb. Optim},
  volume={28},
  number={1},
  pages={58--81},
  year={2014}
}
