@misc{bib:gurobi,
    author = "Gurobi Optimization, LLC",
    title  = "Gurobi Optimizer Reference Manual",
    year   = 2022,
    url    = "\url{http://www.gurobi.com}"
}

@misc{bib:concorde,
    author = "William Cook",
    title  = "Concorde TSP Solver",
    year   = 2022,
    url    = "\url{https://www.math.uwaterloo.ca/tsp/concorde.html}"
}

@misc{bib:qsopt,
    author = " David Applegate and William Cook and Sanjeeb Dash and Monika Mevenkamp",
    title  = "QSopt Linear Programming Solver",
    year   = 2022,
    url    = "\url{https://www.math.uwaterloo.ca/~bico/qsopt/index.html}"
}

@book{bib:cpp,
    title     = {The C++ programming language},
    author    = {Stroustrup, Bjarne},
    year      = {2013},
    publisher = {Pearson Education}
}

@book{bib:linear-optimization-intro,
  title={Introduction to linear optimization},
  author={Bertsimas, Dimitris and Tsitsiklis, John N},
  volume={6},
  year={1997},
  publisher={Athena Scientific Belmont, MA}
}
